@electronic{ref:velha-regras,
 title     = "Regras do Jogo da Velha",
 url       = "http://www.bigmae.com/regras-jogo-da-velha/",
 note      = {accessed 05-05-2018} 
}
