@electronic{ref:clock,
    title = clock_vhd,
    author={Arto, PERTTULA},
    howpublished = "Disponível em: https://pdfs.semanticscholar.org/presentation/ed96/c9abc1fa38a16cdffccf406c5b46e022cbb5.pdf,
    Acesso em: 17-06-2018",
    url = {https://pdfs.semanticscholar.org/presentation/ed96/c9abc1fa38a16cdffccf406c5b46e022cbb5.pdf}
}

@electronic{ref:mouse,
    title = mouse_vhdl,
    howpublished = "Disponível em: http://www.fpga4student.com/2017/12/how-to-interface-mouse-with-FPGA.html,
    Acesso em: 17-06-2018",
    url = {http://www.fpga4student.com/2017/12/how-to-interface-mouse-with-FPGA.html}
}

@eletronic{ref:algoritmos-gulosos,
    title = algoritmos_velha,
    howpublished = "Disponível em: https://www.ic.unicamp.br/~rocha/msc/complex/algoritmosGulososFinal.pdf,
    Acesso em: 17-06-2018",
    url = {https://www.ic.unicamp.br/~rocha/msc/complex/algoritmosGulososFinal.pdf}
}

@electronic{ref:velha-regras,
    title     = regras_velha,
    howpublished = "Disponível em: http://www.bigmae.com/regras-jogo-da-velha/,
    Acesso em: 17-06-2018",
    url       = {http://www.bigmae.com/regras-jogo-da-velha/}
}

@electronic{ref:velha-ia,
    title     = ia_velha,
    author={Lorenzo, CANDIAGO},
    howpublished = "Disponível em: https://www.organicadigital.com/seeds/algoritmo-minimax-introducao-a-inteligencia-artificial/,
    Acesso em: 17-06-2018",
    url       = {https://www.organicadigital.com/seeds/algoritmo-minimax-introducao-a-inteligencia-artificial/}
}