@electronic{ref:velha-hist,
 title     = "Historia do Jogo da Velha",
 url       = "https://mundoestranho.abril.com.br/historia/qual-e-a-origem-do-jogo-da-velha/",
 note      = {accessed 05-05-2018} 
}

@electronic{ref:velha-regras,
 title     = "Regras do Jogo da Velha",
 url       = "http://www.bigmae.com/regras-jogo-da-velha/",
 note      = {accessed 05-05-2018} 
}
